@misc{alf,
  title = {Algebraic Logic Functional programming language},
  url = {https://en.wikipedia.org/wiki/Algebraic_Logic_Functional_programming_language},
  note = {Accessed: 2024-03-10},
}

@misc{eso_malbolge,
  title = {Malbolge - Esolang},
  url = {https://esolangs.org/wiki/Malbolge},
  note = {Accessed: 2024-03-10},
}

@misc{wiki_malbolge,
  title = {Malbolge},
  url = {https://en.wikipedia.org/wiki/Malbolge},
  note = {Accessed: 2024-03-10},
} 

@misc{drmem,
  title={{Dr. Memory Tool}},
  url = {https://drmemory.org/},
  note = {Accessed: 2024-03-10},
}

@misc{vl,
    title= {Visual Logic},
    url = {https://www.visuallogic.org/Overview.html},
    note= {Accessed: 2024-03-10}
}

@misc{eso_wiki,
    title= {Esoteric programming languages},
    url = {https://en.wikipedia.org/wiki/Esoteric_programming_language},
    note= {Accessed: 2024-03-10}
}

@misc{bash_codeacademy,
    title= {What is bash used for?},
    url = {https://www.codecademy.com/resources/blog/what-is-bash-used-for/},
    note= {Accessed: 2024-03-10}
}

@misc{bash_functions,
    title= {Bash Functions},
    url = {https://linuxize.com/post/bash-functions/},
    note= {Accessed: 2024-03-10}
}

@misc{tex_wiki,
    title= {TeX},
    url = {https://en.wikipedia.org/wiki/TeX#:~:text=Tail%20recursion%20of%20macros%20takes,even%20at%20the%20expansion%20level.},
    note= {Accessed: 2024-03-10}
}

@misc{brainfuck,
    title= {Brainfuck},
    url = {https://esolangs.org/wiki/Brainfuck},
    note= {Accessed: 2024-03-10}
}

@misc{intercal,
    title= {INTERCAL},
    url = {https://en.wikipedia.org/wiki/INTERCAL},
    note= {Accessed: 2024-03-10}
}

@misc{false,
    title= {FALSE},
    url = {https://esolangs.org/wiki/FALSE},
    note= {Accessed: 2024-03-10}
}